@article{Azadeh2014,
	author = {Azadeh, A. and Salehi, V. and Ashjari, B. and Saberi, M.},
	doi = {10.1016/j.psep.2013.03.002},
	issn = {09575820},
	journal = {Process Safety and Environmental Protection},
	number = {3},
	pages = {231--241},
	publisher = {Institution of Chemical Engineers},
	title = {{Performance evaluation of integrated resilience engineering factors by data envelopment analysis: The case of a petrochemical plant}},
	volume = {92},
	year = {2014}
},

@article{Bergstrom2015,
author = {Bergstr\"{o}m, Johan and van Winsen, Roel and Henriqson, Eder},
doi = {10.1016/j.ress.2015.03.008},
issn = {09518320},
journal = {Reliability Engineering \& System Safety},
pages = {131--141},
publisher = {Elsevier},
title = {{On the rationale of resilience in the domain of safety: A literature review}},
volume = {141},
year = {2015}
},

@book{Bodeau2012,
abstract = {cyber resiliency ...},
author = {Bodeau, D and Graubart, R and Picciotto, J and McQuaid, R},
booktitle = {2012},
doi = {MTR110237},
isbn = {7812717976},
issn = {7812717976},
number = {September},
title = {{Cyber Resiliency Engineering Framework}},
year = {2012}
},

@article{Diez2014,
author = {Diez, Oscar and Silva, Andr\'{e}s},
doi = {10.1002/qre.1579},
isbn = {0748-8017},
issn = {10991638},
journal = {Quality and Reliability Engineering International},
number = {3},
pages = {397--412},
title = {{Resilience of cloud computing in critical systems}},
volume = {30},
year = {2014}
}

@article{Fitzgerald2010,
	author = {Fitzgerald, John and Larsen, Peter Gorm and Pierce, Ken and Verhoef, Marcel and Wolff, Sune},
	doi = {10.1007/978-3-642-16265-7\_2},
	isbn = {3642162649},
	issn = {03029743},
	journal = {Lecture Notes in Computer Science (including subseries Lecture Notes in Artificial Intelligence and Lecture Notes in Bioinformatics)},
	pages = {12--26},
	title = {{Collaborative modelling and co-simulation in the development of dependable embedded systems}},
	volume = {6396 LNCS},
	year = {2010}
},

@article{Flood2014,
	author = {Flood, Stephen and Schechtman, Judd},
	doi = {10.1016/j.ocecoaman.2014.08.015},
	issn = {0964-5691},
	journal = {Ocean and Coastal Management},
	number = {January 2002},
	pages = {19--31},
	publisher = {Elsevier Ltd},
	title = {{Ocean \& Coastal Management The rise of resilience : Evolution of a new concept in coastal planning in Ireland and the US}},
	volume = {102},
	year = {2014}
},

@article{Goerger2014,
	author = {Goerger, Simon R. and Madni, Azad M. and Eslinger, Owen J.},
	doi = {10.1016/j.procs.2014.03.103},
	issn = {18770509},
	journal = {Procedia Computer Science},
	keywords = {Decision analysis,ERS,Engineered Resilient Systems,Resilience,Resilience engineering},
	number = {Cser},
	pages = {865--872},
	publisher = {Elsevier Masson SAS},
	title = {{Engineered resilient systems: A DoD perspective}},
	volume = {28},
	year = {2014}
},

@article{Guariniello2014,
	author = {Guariniello, Cesare and DeLaurentis, Daniel},
	doi = {10.1016/j.procs.2014.03.086},
	issn = {18770509},
	journal = {Procedia Computer Science},
	keywords = {System-of-Systems,communication,cyber security,information,interdependency},
	number = {Cser},
	pages = {720--727},
	publisher = {Elsevier Masson SAS},
	title = {{Communications, Information, and Cyber Security in Systems-of-Systems: Assessing the Impact of Attacks through Interdependency Analysis}},
	volume = {28},
	year = {2014}
},

@book{Bellare1996,
	archivePrefix = {arXiv},
	arxivId = {9780201398298},
	author = {Bellare, Mihir and Rogaway, Phillip},
	booktitle = {Advances in Cryptology—Eurocrypt'96},
	doi = {10.1007/3-540-68339-9\_34},
	eprint = {9780201398298},
	isbn = {978-3-540-61186-8, 978-3-540-68339-1},
	issn = {0302-9743},
	pages = {399--416},
	pmid = {4520227},
	title = {{The exact security of digital signatures-How to sign with RSA and Rabin}},
	year = {1996}
},

@article{Laprie2008,
	author = {Laprie, Jean-Claude},
	journal = {38th Annual IEEE/IFIP International Conference On Dependable Systems and Networks},
	pages = {Fast abstracts},
	title = {{From dependability to resilience}},
	year = {2008}
},

@article{Leveson2006,
	author = {Leveson, Nancy and Dulac, Nicolas and Zipkin, David and Cutcher-Gershenfeld, Joel and Carroll, John and Barrett, Betty},
	isbn = {0-7546-4641-6},
	journal = {In Resilience Engineering: Concepts And Precepts},
	pages = {95--123},
	title = {{Engineering Resilience into Safety-Critical Systems}},
	year = {2006}
},

@article{Liu2011,
	author = {Liu, Mixia and Hutchison, David},
	isbn = {9781902560250},
	journal = {PGNet2011},
	keywords = {- resilience,resilience analysis,situation awareness},
	title = {{Towards Resilient Networks Using Situation Awareness}},
	year = {2011}
},

@article{Lu2015,
	author = {Lu, Tianbo and Zhao, Jinyang and Zhao, Lingling and Li, Yang and Zhang, Xiaoyan},
	keywords = {cyber physical systems,cyber-physical attack,security},
	number = {3},
	pages = {25--40},
	title = {{Towards a Framework for Assuring Cyber Physical System Security}},
	volume = {9},
	year = {2015}
},

@article{Lundberg2015,
	author = {Lundberg, Jonas and Johansson, Bj\"{o}rn Je},
	doi = {10.1016/j.ress.2015.03.013},
	issn = {09518320},
	journal = {Reliability Engineering \& System Safety},
	keywords = {Adaptive systems,Resilience,Safety II,Self-monitoring,Systemic model},
	pages = {22--32},
	publisher = {Elsevier},
	title = {{Systemic resilience model}},
	volume = {141},
	year = {2015}
},

@article{Madni2009,
	author = {Madni, Azad M. and Jackson, Scott},
	doi = {10.1109/JSYST.2009.2017397},
	isbn = {1932-8184},
	issn = {19328184},
	journal = {IEEE Systems Journal},
	keywords = {Adaptive capacity,Disruptions,Resilience engineering,Risk management},
	number = {2},
	pages = {181--191},
	title = {{Towards a conceptual framework for resilience engineering}},
	volume = {3},
	year = {2009}
},

@article{Madni2011,
	author = {Madni, Azad M. and Sievers, Michael},
	doi = {10.1002/sys},
	issn = {1098-1241, 1098-1241},
	journal = {Systems Engineering},
	keywords = {52: Numerical Analysis,63: Mathematics and Computation (CE),63: Mathematics and Computation (MT),Mechanical \& Transportation Engineering Abstracts,Simulation,and Modeling (},
	number = {3},
	pages = {305--326},
	title = {{Systems Integration: Key Perspectives, Experiences, and Challenges}},
	volume = {14},
	year = {2011}
},

@article{Neches2011,
	author = {Neches, Robert and Madni, Azad M.},
	doi = {10.1002/sys},
	issn = {1098-1241, 1098-1241},
	journal = {Systems Engineering},
	keywords = {52: Numerical Analysis,63: Mathematics and Computation (CE),63: Mathematics and Computation (MT),Mechanical \& Transportation Engineering Abstracts,Simulation,and Modeling (},
	number = {3},
	pages = {305--326},
	title = {{Towards Affordably Adaptable and Effective Systems}},
	volume = {14},
	year = {2011}
},

@article{Pietravalle2011,
	author = {Pietravalle, Rich (Mitre) and Lanz, Dan (Mitre)},
	title = {{Resiliency Research Snapshot}},
	year = {2011}
},

@article{Richards2007,
	author = {Richards, Matthew G and Hastings, Daniel E and Rhodes, Donna H and Weigel, Annalisa L},
	isbn = {0978712218},
	journal = {Conference on Systems Engineering Research},
	pages = {1--12},
	title = {{Defining Survivability for Engineering Systems}},
	year = {2007}
},

@article{Righi2015,
	author = {Righi, Angela Weber and Saurin, Tarcisio Abreu and Wachs, Priscila},
	doi = {10.1016/j.ress.2015.03.007},
	issn = {09518320},
	journal = {Reliability Engineering \& System Safety},
	keywords = {Resilience engineering,Safety management,Systematic literature review,resilience engineering},
	pages = {142--152},
	publisher = {Elsevier},
	title = {{A systematic literature review of resilience engineering: Research areas and A research agenda proposal}},
	volume = {141},
	year = {2015}
},

@article{Rochas2014,
	author = {Rochas, Claudio and Kuzņecova, Tatjana and Romagnoli, Francesco},
	doi = {10.1016/j.jclepro.2014.04.081},
	issn = {09596526},
	journal = {Journal of Cleaner Production},
	keywords = {Energy infrastructure,Network analysis,Resilience,Restoration,System functionality},
	pages = {358--368},
	title = {{The concept of the system resilience within the infrastructure dimension: application to a Latvian case}},
	volume = {88},
	year = {2014}
},

@article{Shirali2013,
	author = {Shirali, Gh a. and Mohammadfam, I. and Ebrahimipour, V.},
	doi = {10.1016/j.ress.2013.05.003},
	isbn = {09518320},
	issn = {09518320},
	journal = {Reliability Engineering and System Safety},
	keywords = {PCA,Quantitative assessment,Resilience engineering,Resilience indicators},
	pages = {88--94},
	publisher = {Elsevier},
	title = {{A new method for quantitative assessment of resilience engineering by PCA and NT approach: A case study in a process industry}},
	volume = {119},
	year = {2013}
},

@article{Sievers2014,
	author = {Sievers, Michael and Madni, Azad M.},
	isbn = {9781479938407},
	pages = {1002--1007},
	title = {{A Flexible Contracts Approach to System Resiliency}},
	year = {2014}
},

@techreport{StockholmResilienceCentre2014,
	author = {{Stockholm Resilience Centre}},
	pages = {1--20},
	title = {{What is resilience?}},
	year = {2014}
},

@article{Systems2014,
	author = {Systems, Cyberphysical},
	number = {December 2012},
	pages = {2012--2013},
	title = {{Resilient Cyberphysical Systems}},
	year = {2014}
},

@article{Various2009,
	author = {Various},
	journal = {Computer},
	title = {{System Resilience at Extreme Scale White Paper}},
	year = {2009}
},

@article{Woods2015,
	author = {Woods, David},
	doi = {10.1016/j.ress.2015.03.018},
	issn = {09518320},
	journal = {Reliability Engineering \& System Safety},
	pages = {5--9},
	publisher = {Elsevier},
	title = {{Four Concepts for resilience and the Implications for the Future of Resilience Engineering}},
	volume = {141},
	year = {2015}
},

@article{Woods2006,
	author = {Woods, David D.},
	journal = {Resilience Engineering: Concepts and Precepts},
	pages = {1--6},
	title = {{Prologue: Resilience Engineering Concepts}},
	year = {2006}
},

@article{Yang2005,
	author = {Yang, H and Ye, F and Yuan, Y and Lu, S and Arbaugh, W},
	doi = {10.1145/1062689.1062696},
	isbn = {1595930043},
	journal = {Proceedings of the International Symposium on Mobile Ad Hoc Networking and Computing (MobiHoc)},
	keywords = {En-route filtering,Key distribution,Location-based security,Node compromise,Resiliency,Wireless sensor networks},
	pages = {34--45},
	title = {{Toward resilient security in wireless sensor networks}},
	year = {2005}
},

@article{Yuan2013,
	author = {Yuan, Yuan and Zhu, Quanyan and Sun, Fuchun and Wang, Qinyi and Bas, Tamer},
	isbn = {9781479905034},
	pages = {0--5},
	title = {{Resilient Control of Cyber-Physical Systems against Denial-of-Service Attacks.pdf}},
	year = {2013}
},

@BOOK{HollnagelWoodsLeveson200609,
title={Resilience Engineering: Concepts And Precepts},
editor={Erik Hollnagel and David D. Woods and Nancy Leveson},
publisher={Ashgate Pub Co},
year={2006},
month={9},
isbn={9780754649045},
totalpages={397}
}